@BOOK{Example:1,
AUTHOR="John Doe",
TITLE="The Book without Title",
PUBLISHER="Example Publisher",
YEAR="2022",
}
@BOOK{Example:2,
AUTHOR="Jane Smith",
TITLE="The Book with a Title",
PUBLISHER="Example Publisher",
YEAR="2022",
}

@ARTICLE{Greco:2018,
       author = {{Greco}, A. and {Matthaeus}, W.~H. and {Perri}, S. and {Osman}, K.~T. and {Servidio}, S. and {Wan}, M. and {Dmitruk}, P.},
        title = "{Partial Variance of Increments Method in Solar Wind Observations and Plasma Simulations}",
      journal = {Space Science Reviews},
     keywords = {Solar wind, Turbulence, Intermittency, Coherent structures},
         year = 2018,
        month = feb,
       volume = {214},
       number = {1},
          eid = {1},
        pages = {1},
          doi = {10.1007/s11214-017-0435-8},
       adsurl = {https://ui.adsabs.harvard.edu/abs/2018SSRv..214....1G},
      adsnote = {Provided by the SAO/NASA Astrophysics Data System}
}

@article{Pecora:2019,
    author = {Pecora, Francesco and Greco, Antonella and Hu, Qiang and Servidio, Sergio and Chasapis, Alexandros and Matthaeus, W.},
    year = {2019},
    month = {08},
    pages = {L11},
    title = {Single-spacecraft Identification of Flux Tubes and Current Sheets in the Solar Wind},
    volume = {881},
    journal = {The Astrophysical Journal},
    doi = {10.3847/2041-8213/ab32d9}
}

@article{Artemyev:2019,
    author = {Artemyev, A. V. and Angelopoulos, V. and Vasko, I. Y.},
    title = {Kinetic Properties of Solar Wind Discontinuities at 1 AU Observed by ARTEMIS},
    journal = {Journal of Geophysical Research: Space Physics},
    year = {2019},
    volume = {124},
    number = {6},
    pages = {3858-3870},
    keywords = {solar wind, discontinuities, electron kinetics},
    doi = {https://doi.org/10.1029/2019JA026597},
}
%url = {https://agupubs.onlinelibrary.wiley.com/doi/abs/10.1029/2019JA026597}, eprint = {https://agupubs.onlinelibrary.wiley.com/doi/pdf/10.1029/2019JA026597},

@article{Zheng:2018,
    doi = {10.3847/2041-8213/aaa3d7},
    url = {https://doi.org/10.3847/2041-8213/aaa3d7},
    year = 2018,
    month = {jan},
    publisher = {American Astronomical Society},
    volume = {852},
    number = {2},
    pages = {L23},
    author = {Jinlei Zheng and Qiang Hu},
    title = {Observational Evidence for Self-generation of Small-scale Magnetic Flux Ropes from Intermittent Solar Wind Turbulence},
    journal = {The Astrophysical Journal},
}

@article{Cartwright:2010,
    author = {Cartwright, M. and Moldwin, M.},
    year = {2010},
    month = {08},
    pages = {},
    title = {Heliospheric evolution of solar wind small-scale magnetic flux ropes},
    volume = {115},
    journal = {Journal of Geophysical Research},
    doi = {10.1029/2009JA014271}
}

@article{Feng:2007,
    author = {Feng, Heng Qiang and Wu, Dejin and Chao, J.K.},
    year = {2007},
    month = {02},
    pages = {},
    title = {Size and energy distributions of interplanetary magnetic flux ropes},
    volume = {112},
    journal = {Journal of Geophysical Research},
    doi = {10.1029/2006JA011962}
}

@article{Hadid:2018,
    title = {Compressible Magnetohydrodynamic Turbulence in the Earth's Magnetosheath: Estimation of the Energy Cascade Rate Using in situ Spacecraft Data},
    author = {Hadid, L. Z. and Sahraoui, F. and Galtier, S. and Huang, S. Y.},
    journal = {Phys. Rev. Lett.},
    volume = {120},
    issue = {5},
    pages = {055102},
    numpages = {7},
    year = {2018},
    month = {Jan},
    publisher = {American Physical Society},
    doi = {10.1103/PhysRevLett.120.055102},
    url = {https://link.aps.org/doi/10.1103/PhysRevLett.120.055102}
}

@article{Paschmann:2008,
    author = {Paschmann, Gotz and Sonnerup, Bengt},
    year = {2008},
    month = {01},
    pages = {},
    title = {Proper Frame Determination and Walen Test},
    volume = {8},
    journal = {ISSI Sci. Rep. Ser.}
}

@article{Nykyri:2001,
    author = {Nykyri, K. and Otto, A.},
    title = {Plasma transport at the magnetospheric boundary due to reconnection in Kelvin-Helmholtz vortices},
    journal = {Geophysical Research Letters},
    volume = {28},
    number = {18},
    pages = {3565-3568},
    doi = {10.1029/2001GL013239},
    url = {https://agupubs.onlinelibrary.wiley.com/doi/abs/10.1029/2001GL013239},
    eprint = {https://agupubs.onlinelibrary.wiley.com/doi/pdf/10.1029/2001GL013239},
    year = {2001}
}

@article{Shaikh:2022,
    author = {Shaikh, Zubair I and Raghav, Anil N},
    title = "{Evolution of Earth’s magnetosheath as a planar magnetic structure}",
    journal = {Monthly Notices of the Royal Astronomical Society},
    volume = {511},
    number = {4},
    pages = {4963-4970},
    year = {2022},
    month = {03},
    issn = {0035-8711},
    doi = {10.1093/mnras/stac276},
    url = {https://doi.org/10.1093/mnras/stac276},
    eprint = {https://academic.oup.com/mnras/article-pdf/511/4/4963/42688254/stac276.pdf},
}

@article{Karimabadi:2014,
    author = {Karimabadi, H. and Roytershteyn, V. and Vu, H. X. and Omelchenko, Y. A. and Scudder, J. and Daughton, W. and Dimmock, A. and Nykyri, K. and Wan, M. and Sibeck, D. and Tatineni, M. and Majumdar, A. and Loring, B. and Geveci, B.},
    title = "{The link between shocks, turbulence, and magnetic reconnection in collisionless plasmas}",
    journal = {Physics of Plasmas},
    volume = {21},
    number = {6},
    pages = {062308},
    year = {2014},
    month = {06},
    issn = {1070-664X},
    doi = {10.1063/1.4882875},
    url = {https://doi.org/10.1063/1.4882875},
    eprint = {https://pubs.aip.org/aip/pop/article-pdf/doi/10.1063/1.4882875/16140263/062308\_1\_online.pdf},
}

@article{Hu:2018,
    author = {Hu, Qiang and Zheng, Jinlei and Chen, Yu and le Roux, Jakobus and Zhao, Lulu},
    year = {2018},
    month = {11},
    pages = {12},
    title = {Automated Detection of Small-scale Magnetic Flux Ropes in the Solar Wind: First Results from the Wind Spacecraft Measurements},
    volume = {239},
    journal = {The Astrophysical Journal Supplement Series},
    doi = {10.3847/1538-4365/aae57d}
}

@article{Hu:2017,
    author = {Hu, Qiang},
    year = {2017},
    month = {08},
    title = {The Grad-Shafranov reconstruction in twenty years: 1996–2016},
    journal = {Science China Earth Sciences},
    doi = {10.1007/s11430-017-9067-2}
}

@article{Zhao:2020,
    author = {Zhao, L. and Zank, Gary and Adhikari, Laxman and Hu, Q. and Kasper, J. and Bale, Stuart and Korreck, Kelly and Case, A. and Bonnell, John and Dudok de Wit, Thierry and Goetz, K. and Harvey, Peter and Macdowall, R. and Malaspina, D. and Pulupa, Marc and Larson, Davin and Livi, Roberto and Whittlesey, Phyllis and Klein, Kristopher},
    year = {2020},
    month = {02},
    pages = {26},
    title = {Identification of Magnetic Flux Ropes from Parker Solar Probe Observations during the First Encounter},
    volume = {246},
    journal = {The Astrophysical Journal Supplement Series},
doi = {10.3847/1538-4365/ab4ff1}
}

@article{Stawarz:2019,
    author = {Stawarz, Julia and Eastwood, Jonathan and Phan, T. and Gingell, I and Shay, Michael and Burch, J. and Ergun, R. and Giles, Barbara and Gershman, Daniel and Contel, Olivier and Lindqvist, P. and Russell, C. and Strangeway, R. and Torbert, R. and Argall, Matthew and Fischer, David and Magnes, Werner and Franci, Luca},
    year = {2019},
    month = {06},
    pages = {L37},
    title = {Properties of the Turbulence Associated with Electron-only Magnetic Reconnection in Earth’s Magnetosheath},
    volume = {877},
    journal = {The Astrophysical Journal Letters},
    doi = {10.3847/2041-8213/ab21c8}
}

@article{Matthaeus:1982,
    author = {Matthaeus, W. and Goldstein, Melvyn},
    year = {1982},
    month = {09},
    pages = {},
    title = {Measurement of the rugged invariants of magnetohydrodynamic turbulence},
    volume = {87},
    journal = {Journal of Geophysical Research},
    doi = {10.1029/JA087iA08p06011}
}

@article{Matthaeus:2015,
    author = {Matthaeus, W. H.  and Wan, Minping  and Servidio, S.  and Greco, A.  and Osman, K. T.  and Oughton, S.  and Dmitruk, P. },
    title = {Intermittency, nonlinear dynamics and dissipation in the solar wind and astrophysical plasmas},
    journal = {Philosophical Transactions of the Royal Society A: Mathematical, Physical and Engineering Sciences},
    volume = {373},
    number = {2041},
    pages = {20140154},
    year = {2015},
    doi = {10.1098/rsta.2014.0154},
    URL = {https://royalsocietypublishing.org/doi/abs/10.1098/rsta.2014.0154},
    eprint = {https://royalsocietypublishing.org/doi/pdf/10.1098/rsta.2014.0154},
}

@article{Telloni:2012,
    author = {Telloni, D. and Bruno, Roberto and D'Amicis, Raffaella and Pietropaolo, E. and Carbone, Vincenzo},
    year = {2012},
    month = {04},
    pages = {19},
    title = {Wavelet analysis as a tool to localize magnetic and cross-helicity events in the solar wind},
    volume = {751},
    journal = {The Astrophysical Journal},
    doi = {10.1088/0004-637X/751/1/19}
}

@article{Telloni:2013,
    author = {Telloni, D. and Perri, Silvia and Bruno, Roberto and Carbone, Vincenzo and D'Amicis, Raffaella},
    year = {2013},
    month = {10},
    pages = {},
    title = {An analysis of magnetohydrodynamic invariants of magnetic fluctuations within interplanetary flux ropes},
    volume = {776},
    journal = {The Astrophysical Journal},
    doi = {10.1088/0004-637X/776/1/3}
}

@article{Zank:2017,
    author = {Zank, Gary and Adhikari, Laxman and Hunana, Peter and Shiota, Daikou and Bruno, Roberto and Telloni, D.},
    year = {2017},
    month = {01},
    pages = {147},
    title = {Theory and Transport of Nearly Incompressible Magnetohydrodynamic Turbulence},
    volume = {835},
    journal = {The Astrophysical Journal},
    doi = {10.3847/1538-4357/835/2/147}
}

@article{Zank:2021,
    author = {Zank, Gary and Nakanotani, Masaru and Zhao, L. and Du, Senbei and Adhikari, Laxman and Che, Haihong and le Roux, Jakobus},
    year = {2021},
    month = {06},
    pages = {127},
    title = {Flux Ropes, Turbulence, and Collisionless Perpendicular Shock Waves: High Plasma Beta Case},
    volume = {913},
    journal = {The Astrophysical Journal},
    doi = {10.3847/1538-4357/abf7c8}
}

@inproceedings{Harvey:2021,
    author = {Harvey, Rebecca},
    year = {2021},
    month = {December},
    booktitle = {American Geophysical Union Fall Meeting},
    title = {Poster: Observational Analysis of Small-scale Structures in the Earth's Magnetosheath},
    addendum = {Poster presented at American Geophysical Union Fall Meeting, New Orleans, LA, USA},
}

@article{Chen:2019,
    author = {Chen, Yu and Hu, Qiang and le Roux, Jakobus},
    year = {2019},
    month = {08},
    pages = {58},
    title = {Analysis of Small-scale Magnetic Flux Ropes Covering the Whole Ulysses Mission},
    volume = {881},
    journal = {The Astrophysical Journal},
    doi = {10.3847/1538-4357/ab2ccf}
}

@article{ChenHu:2020,
    author = {Chen, Yu and Hu, Qiang},
    year = {2020},
    month = {05},
    pages = {25},
    title = {Effects of Radial Distances on Small-scale Magnetic Flux Ropes in the Solar Wind},
    volume = {894},
    journal = {The Astrophysical Journal},
    doi = {10.3847/1538-4357/ab8294}
}

@article{Chen:2020,
    author = {Chen, Yu and Hu, Q. and Zhao, L. and Kasper, Justin and Bale, Stuart and Korreck, Kelly and Case, Anthony and Stevens, Michael and Bonnell, John and Goetz, Keith and Harvey, Peter and Klein, Kristopher and Larson, Davin and Livi, Roberto and MacDowall, Robert and Malaspina, D. and Pulupa, Marc and Whittlesey, Phyllis},
    year = {2020},
    month = {11},
    pages = {76},
    title = {Small-scale Magnetic Flux Ropes in the First Two Parker Solar Probe Encounters},
    volume = {903},
    journal = {The Astrophysical Journal},
    doi = {10.3847/1538-4357/abb820}
}

@article{Chen:2021,
    author = {Chen, Yu and Hu, Q. and Zhao, L. and Kasper, Justin and Huang, Jia},
    year = {2021},
    month = {05},
    pages = {},
    journal = {The Astrophysical Journal},
    title = {Small-scale Magnetic Flux Ropes with Field-aligned Flows via the PSP In-situ Observations}
}

@article{Chen:2022,
    doi = {10.3847/1538-4357/ac3487},
    url = {https://doi.org/10.3847/1538-4357/ac3487},
    year = 2022,
    month = {jan},
    publisher = {American Astronomical Society},
    volume = {924},
    number = {2},
    pages = {43},
    author = {Yu Chen and Qiang Hu},
    title = {Small-scale Magnetic Flux Ropes and Their Properties Based on In Situ Measurements from the Parker Solar Probe},
    journal = {The Astrophysical Journal}
}

@article{Sonnerup:1996,
    author = {Sonnerup, B. U. \"O. and Guo, M.},
    title = {Magnetopause transects},
    year = {1996},
    journal = {Geophysical Research Letters},
    volume = {23},
    number = {25},
    pages = {3679-3682},
    doi = {https://doi.org/10.1029/96GL03573},
    url = {https://agupubs.onlinelibrary.wiley.com/doi/abs/10.1029/96GL03573}
}

@article{Sonnerup:2006,
    author = {Sonnerup, Bengt and Hasegawa, Hiroshi and Teh, Wai-Leong and Hau, Lin-Ni},
    year = {2006},
    month = {09},
    pages = {},
    title = {Grad-Shafranov reconstruction: An overview},
    volume = {111},
    journal = {Journal of Geophysical Research},
    doi = {10.1029/2006JA011717}
}

@article{Hau:1999,
    author = {Hau, L.-N. and Sonnerup, Bengt U. \"O.},
    year = {1999},
    title = {Two-dimensional coherent structures in the magnetopause: Recovery of static equilibria from single-spacecraft data},
    journal = {Journal of Geophysical Research: Space Physics},
    volume = {104},
    number = {A4},
    pages = {6899-6917},
    doi = {https://doi.org/10.1029/1999JA900002},
    url = {https://agupubs.onlinelibrary.wiley.com/doi/abs/10.1029/1999JA900002}
}

@article{Shue:1997,
    author = {Shue, J.-H. and Chao, J. K. and Fu, H. C. and Russell, C. T. and Song, P. and Khurana, K. K. and Singer, H. J.},
    title = {A new functional form to study the solar wind control of the magnetopause size and shape},
    journal = {Journal of Geophysical Research: Space Physics},
    volume = {102},
    number = {A5},
    pages = {9497-9511},
    doi = {https://doi.org/10.1029/97JA00196},
    url = {https://agupubs.onlinelibrary.wiley.com/doi/abs/10.1029/97JA00196},
    eprint = {https://agupubs.onlinelibrary.wiley.com/doi/pdf/10.1029/97JA00196},
    year = {1997}
}

@article{SlavinHolzer:1984,
    author = {Slavin, J. A. and Holzer, R. E. and Spreiter, J. R. and Stahara, S. S.},
    title = {Planetary Mach cones: Theory and observation},
    journal = {Journal of Geophysical Research: Space Physics},
    volume = {89},
    number = {A5},
    pages = {2708-2714},
    doi = {https://doi.org/10.1029/JA089iA05p02708},
    url = {https://agupubs.onlinelibrary.wiley.com/doi/abs/10.1029/JA089iA05p02708},
    eprint = {https://agupubs.onlinelibrary.wiley.com/doi/pdf/10.1029/JA089iA05p02708},
    year = {1984}
}


@article{Lalti:2022,
    author = {Lalti, A. and Khotyaintsev, Yu. V. and Dimmock, A. P. and Johlander, A. and Graham, D. B. and Olshevsky, V.},
    title = {A Database of MMS Bow Shock Crossings Compiled Using Machine Learning},
    journal = {Journal of Geophysical Research: Space Physics},
    volume = {127},
    number = {8},
    pages = {e2022JA030454},
    keywords = {collisionless shocks, MMS, machine learning, database},
    doi = {https://doi.org/10.1029/2022JA030454},
    url = {https://agupubs.onlinelibrary.wiley.com/doi/abs/10.1029/2022JA030454},
    eprint = {https://agupubs.onlinelibrary.wiley.com/doi/pdf/10.1029/2022JA030454},
    note = {e2022JA030454 2022JA030454},
    year = {2022}
}

@article{Trotta:2022,
    doi = {10.3847/1538-4357/ac7798},
    url = {https://dx.doi.org/10.3847/1538-4357/ac7798},
    year = {2022},
    month = {jul},
    publisher = {The American Astronomical Society},
    volume = {933},
    number = {2},
    pages = {167},
    author = {Domenico Trotta and Francesco Pecora and Adriana Settino and Denise Perrone and Heli Hietala and Timothy Horbury and William Matthaeus and David Burgess and Sergio Servidio and Francesco Valentini},
    title = {On the Transmission of Turbulent Structures across the Earth’s Bow Shock},
    journal = {The Astrophysical Journal},
}

@article{Teh:2018,
    author = {Teh, Wai-Leong},
    title = {Grad–Shafranov reconstruction of magnetohydrostatic equilibria with nonisotropic plasma pressure: the theory},
    journal = {Earth, Planets and Space},
    year = {2018},
    url = {https://doi.org/10.1186/s40623-018-0802-z},
    doi = {10.1186/s40623-018-0802-z},
    volume = {70},
}

@article{Torrence:1998,
    title={A practical guide to wavelet analysis},
    author={Torrence, Christopher and Compo, Gilbert P},
    journal={Bulletin of the American Meteorological society},
    volume={79},
    number={1},
    pages={61--78},
    year={1998},
    publisher={American Meteorological Society}
}

@article{Dimmock:2013,
    author = {Dimmock, A. P. and Nykyri, K.},
    title = {The statistical mapping of magnetosheath plasma properties based on THEMIS measurements in the magnetosheath interplanetary medium reference frame},
    journal = {Journal of Geophysical Research: Space Physics},
    volume = {118},
    number = {8},
    pages = {4963-4976},
    keywords = {magnetosheath, bow shock, magnetosphere},
    doi = {10.1002/jgra.50465},
    url = {https://agupubs.onlinelibrary.wiley.com/doi/abs/10.1002/jgra.50465},
    eprint = {https://agupubs.onlinelibrary.wiley.com/doi/pdf/10.1002/jgra.50465},
    year = {2013}
}

@article{Dimmock:2020,
    author = {Dimmock, A. P. and Hietala, H. and Zou, Y.},
    title = {Compiling Magnetosheath Statistical Data Sets Under Specific Solar Wind Conditions: Lessons Learnt From the Dayside Kinetic Southward IMF GEM Challenge},
    journal = {Earth and Space Science},
    volume = {7},
    number = {6},
    pages = {e2020EA001095},
    keywords = {magnetosheath, statistical analysis, southward IMF, magnetosphere, space weather},
    doi = {https://doi.org/10.1029/2020EA001095},
    url = {https://agupubs.onlinelibrary.wiley.com/doi/abs/10.1029/2020EA001095},
    eprint = {https://agupubs.onlinelibrary.wiley.com/doi/pdf/10.1029/2020EA001095},
    note = {e2020EA001095 10.1029/2020EA001095},
    year = {2020},
}

@article{Borovsky:2018,
    author= {Borovsky, Joseph E. and Valdivia, Juan Alejandro},
    year = {2018},
    month ={jul},
    title = {The Earth’s Magnetosphere: A Systems Science Overview and Assessment},
    journal = {Surveys in Geophysics},
    page = {817-859},
    volume = {39},
    issue = {5},
    url = {https://doi.org/10.1007/s10712-018-9487-x},
    doi = {10.1007/s10712-018-9487-x}, 
}

@misc{ToyEdens:2024,
    title = {8 years of dayside {Magnetospheric} {Multiscale} ({MMS}) unsupervised clustering plasma regions classifications},
    copyright = {Creative Commons Attribution 4.0 International},
    url = {https://zenodo.org/doi/10.5281/zenodo.10491877},
    doi = {10.5281/ZENODO.10491877},
    language = {en},
    urldate = {2024-02-07},
    publisher = {Zenodo},
    author = {Toy-Edens, Vicki and Mo, Wenli and Raptis, Savvas and Turner, Drew L.},
    month = {Jan},
    year = {2024},
    type = {dataset},
    keywords = {bow shock, clustering, ion foreshock, machine learning, magnetopause, magnetosheath, magnetosphere, MMS, solar wind, space physics},
}

@article{ToyEdens2:2024,
    author = {Toy-Edens, Vicki and Mo, Wenli and Raptis, Savvas and Turner, Drew L.},
    title = {Classifying 8 Years of MMS Dayside Plasma Regions via Unsupervised Machine Learning},
    journal = {Journal of Geophysical Research: Space Physics},
    volume = {129},
    number = {6},
    pages = {e2024JA032431},
    keywords = {bow shock, shock waves, magnetopause, machine learning, mms},
    doi = {https://doi.org/10.1029/2024JA032431},
    url = {https://agupubs.onlinelibrary.wiley.com/doi/abs/10.1029/2024JA032431},
    eprint = {https://agupubs.onlinelibrary.wiley.com/doi/pdf/10.1029/2024JA032431},
    note = {e2024JA032431 2024JA032431},
    year = {2024}
}

@article{Hu:2015,
    author = {Hu, Qiang and Qiu, Jiong and Krucker, Sam},
    title = {Magnetic field line lengths inside interplanetary magnetic flux ropes},
    journal = {Journal of Geophysical Research: Space Physics},
    volume = {120},
    number = {7},
    pages = {5266-5283},
    keywords = {CMEs, ICMEs, Grad-Shafranov, flux rope, Wind},
    doi = {https://doi.org/10.1002/2015JA021133},
    url = {https://agupubs.onlinelibrary.wiley.com/doi/abs/10.1002/2015JA021133},
    eprint = {https://agupubs.onlinelibrary.wiley.com/doi/pdf/10.1002/2015JA021133},
    year = {2015}
}

@article{HuSonnerup:2002,
    author = {Hu, Qiang and Sonnerup, Bengt U. \"O.},
    title = {Reconstruction of magnetic clouds in the solar wind: Orientations and configurations},
    journal = {Journal of Geophysical Research: Space Physics},
    volume = {107},
    number = {A7},
    pages = {SSH 10-1-SSH 10-15},
    keywords = {magnetic flux rope, magnetic cloud, Grad-Shafranov equation, inverse problem},
    doi = {https://doi.org/10.1029/2001JA000293},
    url = {https://agupubs.onlinelibrary.wiley.com/doi/abs/10.1029/2001JA000293},
    eprint = {https://agupubs.onlinelibrary.wiley.com/doi/pdf/10.1029/2001JA000293},
    year = {2002}
}

@article{deHoffman-Teller:1950,
    title = {Magnetohydrodynamic Shocks},
    author = {de Hoffmann, F. and Teller, E.},
    journal = {Phys. Rev.},
    volume = {80},
    issue = {4},
    pages = {692--703},
    numpages = {0},
    year = {1950},
    month = {Nov},
    publisher = {American Physical Society},
    doi = {10.1103/PhysRev.80.692},
    url = {https://link.aps.org/doi/10.1103/PhysRev.80.692}
}

@article{Yordanova:2020,
    author={Yordanova, Emiliya  and Vörös, Zoltán  and Raptis, Savvas  and Karlsson, Tomas },
    title={Current Sheet Statistics in the Magnetosheath},
    journal={Frontiers in Astronomy and Space Sciences},
    volume={7},
    year={2020},
    url={https://www.frontiersin.org/journals/astronomy-and-space-sciences/articles/10.3389/fspas.2020.00002},
    doi={10.3389/fspas.2020.00002},
    ISSN={2296-987X},
}


@article{turc_transmission_2023,
    title = {Transmission of foreshock waves through {Earth}’s bow shock},
    volume = {19},
    issn = {1745-2473, 1745-2481},
    url = {https://www.nature.com/articles/s41567-022-01837-z},
    doi = {10.1038/s41567-022-01837-z},
    language = {en},
    number = {1},
    urldate = {2024-07-11},
    journal = {Nature Physics},
    author = {Turc, L. and Roberts, O. W. and Verscharen, D. and Dimmock, A. P. and Kajdič, P. and Palmroth, M. and Pfau-Kempf, Y. and Johlander, A. and Dubart, M. and Kilpua, E. K. J. and Soucek, J. and Takahashi, K. and Takahashi, N. and Battarbee, M. and Ganse, U.},
    month = jan,
    year = {2023},
    pages = {78--86},
    file = {Turc et al. - 2023 - Transmission of foreshock waves through Earth’s bo.pdf:/home/rharvey/Zotero/storage/93QT7NGK/Turc et al. - 2023 - Transmission of foreshock waves through Earth’s bo.pdf:application/pdf},
}

@article{Karlsson:2021,
    author = {Karlsson, T. and Raptis, S. and Trollvik, H. and Nilsson, H.},
    title = {Classifying the Magnetosheath Behind the Quasi-Parallel and Quasi-Perpendicular Bow Shock by Local Measurements},
    journal = {Journal of Geophysical Research: Space Physics},
    volume = {126},
    number = {9},
    pages = {e2021JA029269},
    keywords = {magnetosheath, solar wind, bow shock, quasi-parallel, quasi-perpendicular, classification},
    doi = {https://doi.org/10.1029/2021JA029269},
    url = {https://agupubs.onlinelibrary.wiley.com/doi/abs/10.1029/2021JA029269},
    eprint = {https://agupubs.onlinelibrary.wiley.com/doi/pdf/10.1029/2021JA029269},
    note = {e2021JA029269 2021JA029269},
    year = {2021}
}

@article{Gurchumelia:2022,
    author={Gurchumelia, Alexandre and Sorriso-Valvo, Luca and Burgess, David and Yordanova, Emiliya and Elbakidze, Khatuna and Kharshiladze, Oleg and Kvaratskhelia, Diana},
    title={Comparing Quasi-Parallel and Quasi-Perpendicular Configuration in the Terrestrial Magnetosheath: Multifractal Analysis},
    journal={Frontiers in Physics},
    volume={10},
    year={2022},
    url={https://www.frontiersin.org/journals/physics/articles/10.3389/fphy.2022.903632},
    doi={10.3389/fphy.2022.903632},
    ISSN={2296-424X},
}

@article{Anderson:1994,
    author = {Anderson, Brian J. and Fuselier, Stephen A. and Gary, S. Peter and Denton, Richard E.},
    title = {Magnetic spectral signatures in the Earth's magnetosheath and plasma depletion layer},
    journal = {Journal of Geophysical Research: Space Physics},
    volume = {99},
    number = {A4},
    pages = {5877-5891},
    doi = {https://doi.org/10.1029/93JA02827},
    url = {https://agupubs.onlinelibrary.wiley.com/doi/abs/10.1029/93JA02827},
    eprint = {https://agupubs.onlinelibrary.wiley.com/doi/pdf/10.1029/93JA02827},
    year = {1994}
}

@article{Collado-Vega:2023,
    author = {Collado-Vega, Y. M. and Dredger, P. and Lopez, R. E. and Khurana, S. and Rastaetter, L. and Sibeck, D. and Anastopulos, M.},
    title = {Magnetopause Standoff Position Changes and Geosynchronous Orbit Crossings: Models and Observations},
    journal = {Space Weather},
    volume = {21},
    number = {6},
    pages = {e2022SW003212},
    keywords = {magnetopause, model observations, crossings, validation},
    doi = {https://doi.org/10.1029/2022SW003212},
    url = {https://agupubs.onlinelibrary.wiley.com/doi/abs/10.1029/2022SW003212},
    eprint = {https://agupubs.onlinelibrary.wiley.com/doi/pdf/10.1029/2022SW003212},
    note = {e2022SW003212 2022SW003212},
    year = {2023}
}

@phdthesis{Anderson:2018,
    author = {Andersen, Hogne},
    year = {2018},
    month = {09},
    pages = {},
    school = {University of Bergen},
    title = {Design and Simulation of Pixel Layout and Data Processing Algorithms for the DEEP Instrument},
    doi = {10.13140/RG.2.2.27342.51525}
}

@article{Williams:1981,
    title = {Ring current composition and sources: An update},
    journal = {Planetary and Space Science},
    volume = {29},
    number = {11},
    pages = {1195-1203},
    year = {1981},
    issn = {0032-0633},
    doi = {https://doi.org/10.1016/0032-0633(81)90124-0},
    url = {https://www.sciencedirect.com/science/article/pii/0032063381901240},
    author = {D.J. Williams},
}

@article{Tsurutani:1990,
    title = {The interplanetary and solar causes of geomagnetic activity},
    journal = {Planetary and Space Science},
    volume = {38},
    number = {1},
    pages = {109-126},
    year = {1990},
    issn = {0032-0633},
    doi = {https://doi.org/10.1016/0032-0633(90)90010-N},
    url = {https://www.sciencedirect.com/science/article/pii/003206339090010N},
    author = {Bruce T. Tsurutani and Bruck E. Goldstein and Edward J. Smith and Walter D. Gonzalez and Frances Tang and Syun I. Akasofu and Roger R. Anderson},
}

@article{Kruparova:2019,
    author = {Kruparova, O. and Krupar, V. and Šafránková, J. and Němeček, Z. and Maksimovic, M. and Santolik, O. and Soucek, J. and Němec, F. and Merka, J.},
    title = {Statistical Survey of the Terrestrial Bow Shock Observed by the Cluster Spacecraft},
    journal = {Journal of Geophysical Research: Space Physics},
    volume = {124},
    number = {3},
    pages = {1539-1547},
    keywords = {solar wind, bow shock},
    doi = {https://doi.org/10.1029/2018JA026272},
    url = {https://agupubs.onlinelibrary.wiley.com/doi/abs/10.1029/2018JA026272},
    eprint = {https://agupubs.onlinelibrary.wiley.com/doi/pdf/10.1029/2018JA026272},
    year = {2019}
}


@article{chapman_three-dimensional_2003,
    title = {Three-dimensional modeling of {Earth}'s bow shock: {Shock} shape as a function of {Alfvén} {Mach} number},
    volume = {108},
    copyright = {Copyright 2003 by the American Geophysical Union.},
    issn = {2156-2202},
    shorttitle = {Three-dimensional modeling of {Earth}'s bow shock},
    url = {https://onlinelibrary.wiley.com/doi/abs/10.1029/2002JA009569},
    doi = {10.1029/2002JA009569},
    number = {A5},
    urldate = {2024-11-14},
    journal = {Journal of Geophysical Research: Space Physics},
    author = {Chapman, J. F. and Cairns, Iver H.},
    year = {2003},
    note = {\_eprint: https://onlinelibrary.wiley.com/doi/pdf/10.1029/2002JA009569},
    keywords = {bow shock, Earth, Mach number, magnetohydrodynamics, magnetopause},
}

@article{Mccracken1967ParticlesAF,
    title={Particles and fields in the interplanetary medium.},
    author={Kenneth Gordon Mccracken},
    journal={Proceedings of the National Academy of Sciences of the United States of America},
    year={1967},
    volume={58 6},
    pages={2149-53},
    url={https://api.semanticscholar.org/CorpusID:12352267}
}

@article{Bavassano:1998,
    author = {Bavassano, B. and Pietropaolo, E. and Bruno, R.},
    title = {Cross-helicity and residual energy in solar wind turbulence: Radial evolution and latitudinal dependence in the region from 1 to 5 AU},
    journal = {Journal of Geophysical Research: Space Physics},
    volume = {103},
    number = {A4},
    pages = {6521-6529},
    doi = {https://doi.org/10.1029/97JA03029},
    url = {https://agupubs.onlinelibrary.wiley.com/doi/abs/10.1029/97JA03029},
    eprint = {https://agupubs.onlinelibrary.wiley.com/doi/pdf/10.1029/97JA03029},
    year={1998},
}

@article{Bruno:2013,
    title = {The {Solar} {Wind} as a {Turbulence} {Laboratory}},
    volume = {10},
    issn = {1614-4961},
    url = {https://doi.org/10.12942/lrsp-2013-2},
    doi = {10.12942/lrsp-2013-2},
    language = {en},
    number = {1},
    urldate = {2024-10-28},
    journal = {Living Reviews in Solar Physics},
    author = {Bruno, Roberto and Carbone, Vincenzo},
    month = {05},
    year = {2013},
    keywords = {Bavassano, Compressive Fluctuations, Pressure-balanced Structures (PBS), Slow Wind, Solar Wind Turbulence},
    pages = {2},
    file = {Full Text PDF:/home/rharvey/Zotero/storage/NYE8XE3N/Bruno and Carbone - 2013 - The Solar Wind as a Turbulence Laboratory.pdf:application/pdf},
}

@article{Torbert:2016,
    author = {Torbert, R.B. and Russell, C.T. and Magnes, W. and Ergun, R.E. and Lindqvist, P.-A. and LeContel, O. and Vaith, H. and Macri, J. and Myers, S. and Rau, D. and Needell, J. and King, B. and Granoff, M. and Chutter, M. and Dors, I. and Olsson, G. and Khotyaintsev, Y.V. and Eriksson, A. and Kletzing, C. A. and Bounds, S. and Anderson, B. and Baumjohann, W. and Steller, M. and Bromund, K. and Le, Guan and Nakamura, R. and Strangeway, R.J. and Leinweber, H.K. and Tucker, S. and Westfall, J. and Fischer, D. and Plaschke, F. and Porter, J. and Lappalainen, K.},
    year = {2016},
    date = {2016/03/01},
    title = {The FIELDS Instrument Suite on MMS: Scientific Objectives, Measurements, and Data Products},
    journal = {Space Science Reviews},
    pages = {105-135},
    volume = {199},
    issue = {1},
    issn = {572-9672},
    url = {https://doi.org/10.1007/s11214-014-0109-8},
    doi = {10.1007/s11214-014-0109-8},
}

@article{Pollock:2016,
    author = {Pollock, C. and Moore, T. and Jacques, A. and Burch, J. and Gliese, U. and Saito, Y. and Omoto, T. and Avanov, L. and Barrie, A. and Coffey, V. and Dorelli, J. and Gershman, D. and Giles, B. and Rosnack, T. and Salo, C. and Yokota, S. and Adrian, M. and Aoustin, C. and Auletti, C. and Aung, S. and Bigio, V. and Cao, N. and Chandler, M. and Chornay, D. and Christian, K. and Clark, G. and Collinson, G. and Corris, T. and De Los Santos, A. and Devlin, R. and Diaz, T. and Dickerson, T. and Dickson, C. and Diekmann, A. and Diggs, F. and Duncan, C. and Figueroa-Vinas, A. and Firman, C. and Freeman, M. and Galassi, N. and Garcia, K. and Goodhart, G. and Guererro, D. and Hageman, J. and Hanley, J. and Hemminger, E. and Holland, M. and Hutchins, M. and James, T. and Jones, W. and Kreisler, S. and Kujawski, J. and Lavu, V. and Lobell, J. and LeCompte, E. and Lukemire, A. and MacDonald, E. and Mariano, A. and Mukai, T. and Narayanan, K. and Nguyan, Q. and Onizuka, M. and Paterson, W. and Persyn, S. and Piepgrass, B. and Cheney, F. and Rager, A. and Raghuram, T. and Ramil, A. and Reichenthal, L. and Rodriguez, H. and Rouzaud, J. and Rucker, A. and Saito, Y. and Samara, M. and Sauvaud, J.-A. and Schuster, D. and Shappirio, M. and Shelton, K. and Sher, D. and Smith, D. and Smith, K. and Smith, S. and Steinfeld, D. and Szymkiewicz, R. and Tanimoto, K. and Taylor, J. and Tucker, C. and Tull, K. and Uhl, A. and Vloet, J. and Walpole, P. and Weidner, S. and White, D. and Winkert, G. and Yeh, P.-S. and Zeuch, M.},
    year = {2016},
    date = {2016/03/01},
    title = {Fast Plasma Investigation for Magnetospheric Multiscale},
    journal = {Space Science Reviews},
    pages = {331-406},
    volume = {199},
    issue = {1},
    issn = {1572-9672},
    url = {https://doi.org/10.1007/s11214-016-0245-4},
    doi = {10.1007/s11214-016-0245-4},
}

@article{McFadden:2008,
    author = {McFadden, J.P. and Carlson, C.W. and Larson, D. and Ludlam, M. and Abiad, R. and Elliott, B. and Turin, P. and Marckwordt, M. and Angelopoulos, V.},
    year = {2008},
    date = {2008/12/01},
    month = {12},
    title = {The THEMIS ESA Plasma Instrument and In-flight Calibration},
    journal = {Space Science Reviews},
    pages = {277-302},
    volume = {141},
    issue = {1},
    issn = {1572-9672},
    url = {https://doi.org/10.1007/s11214-008-9440-2},
    doi = {10.1007/s11214-008-9440-2},
}

@article{Auster:2008,
    author = {Auster, H.U. and Glassmeier, K.H. and Magnes, W. and Aydogar, O. and Baumjohann, W. and Constantinescu, D. and Fischer, D. and Fornacon, K. H. and Georgescu, E. and Harvey, P. and Hillenmaier, O. and Kroth, R. and Ludlam, M. and Narita, Y. and Nakamura, R. and Okrafka, K. and Plaschke, F. and Richter, I. and Schwarzl, H. and Stoll, B. and Valavanoglou, A. and Wiedemann, M.},
    year = {2008},
    date = {2008/12/01},
    month = {12},
    title = {The THEMIS Fluxgate Magnetometer},
    journal = {Space Science Reviews},
    pages = {235-264},
    volume = {141},
    issue = {1},
    issn = {1572-9672},
    url = {https://doi.org/10.1007/s11214-008-9365-9},
    doi = {10.1007/s11214-008-9365-9},
}

@article{Russell:2016,
    author = {Russell, C.T., Anderson, B.J., Baumjohann, W., Bromund, K.R., Dearborn, D., Fischer, D., Le, G., Leinweber, H. K., Leneman, D., Magnes, W., Means, J.D., Moldwin, M.B., Nakamura, R., Pierce, D., Plaschke, F., Rowe, K.M., Slavin, J. A., Strangeway, R.J., Torbert, R., Hagen, C., Jernej, I., Valavanoglou, A., Richter, I.},
    year = {2016},
    date = {2016/03/01},
    title = {The Magnetospheric Multiscale Magnetometers},
    journal = {Space Science Reviews},
    pages = {189-256},
    volume = {199},
    issue = {1},
    issn = {1572-9672},
    url = {https://doi.org/10.1007/s11214-014-0057-3},
    doi = {10.1007/s11214-014-0057-3},
}

@techreport{Burch:2024,
    author = {Burch, James L. and Giles, Barbara L. and Ahmadi, Narges and Argall, Matthew R. and Baker, Daniel N. and Blake, J. Bernard and Bromund, Kenneth R. and Cohen, Ian J. and Ergun, Robert E. and Fennell, Joseph F. and Fischer, David and Fuselier, Stephen A. and Gabrielse, Christine E. and Gershman, Daniel J. and Gomez, Roman G. and Graham, Daniel Bruce and Hans, Ulrich and Henderson, Michael G. and B.G. Huang and Jeszenszky, Harald and Eichelberger, Hans Ulrich and Le, Guan and Le Contel, Olivier and Leinweber, Hannes Karl and Lindqvist, Per-Arne},
    year = {2024},
    title = {Magnetospheric Multiscale ({MMS}) – Calibration and Measurement Algorithms Document (CMAD)},
    url = {https://hpde.io/NASA/Document/MMS/CMAD.html},
    doi = {10.48322/VSHD-SV21},
    publisher = {Space Physics Data Facility},
    date = {2024/09/13},
    urldate = {2025/04/04},
    type = {document},
    institution = {NASA},
}

%[Page name], EO Portal. [page URL]. Accessed on [DD MMM YYYY].
@misc{eoPortal,
    institution = {European Space Agency},
    url = {https://www.eoportal.org/satellite-missions/themis#eop-quick-facts-section},
    urldate = {2025/04/07},
    title = {{THEMIS} (Time History of Events and Macroscale Interactions during Substorms)},
    type = {Satellite Missions Catalog},
    howpublished = {https://www.eoportal.org/satellite-missions/themis\#eop-quick-facts-section},
    publisher = {EO Portal},
    origpublisher = {NASA},
    year = {2012},
    key = {eoPortal},
}